% Encoding: UTF-8

@TechReport{Rabin81,
  author      = {Michael O. Rabin},
  title       = {How to Exchange Secrets by Oblivious Transfer},
  institution = {Harvard University},
  year        = {1981},
  group       = {Aiken Computation Laboratory},
}

@Misc{cryptoeprint:2018:473,
  author       = {Daniele Friolo and Daniel Masny and Daniele Venturi},
  title        = {Secure Multi-Party Computation from Strongly Uniform Key Agreement},
  howpublished = {Cryptology ePrint Archive, Report 2018/473},
  year         = {2018},
  note         = {\url{https://eprint.iacr.org/2018/473}},
}

@Misc{cryptoeprint:2017:1011,
  author       = {Eduard Hauck and Julian Loss},
  title        = {Efficient and Universally Composable Protocols for Oblivious Transfer from the CDH Assumption},
  howpublished = {Cryptology ePrint Archive, Report 2017/1011},
  year         = {2017},
  note         = {\url{https://eprint.iacr.org/2017/1011}},
}

@Comment{jabref-meta: databaseType:bibtex;}
